
   <marc:record>
      <marc:leader>     cam a22        4500</marc:leader>
      <marc:controlfield tag="001">067807062</marc:controlfield>
      <marc:controlfield tag="003">DE-576</marc:controlfield>
      <marc:controlfield tag="005">20191211143357.0</marc:controlfield>
      <marc:controlfield tag="007">tu</marc:controlfield>
      <marc:controlfield tag="008">980817s1998    xx |||||      00| ||ger c</marc:controlfield>
      <marc:datafield tag="035" ind1=" " ind2=" ">
         <marc:subfield code="a">(DE-627)1137807067</marc:subfield>
      </marc:datafield>
      <marc:datafield tag="035" ind1=" " ind2=" ">
         <marc:subfield code="a">(DE-576)067807062</marc:subfield>
      </marc:datafield>
      <marc:datafield tag="035" ind1=" " ind2=" ">
         <marc:subfield code="a">(DE-599)BSZ067807062</marc:subfield>
      </marc:datafield>
      <marc:datafield tag="035" ind1=" " ind2=" ">
         <marc:subfield code="a">(OCoLC)40710131</marc:subfield>
      </marc:datafield>
      <marc:datafield tag="035" ind1=" " ind2=" ">
         <marc:subfield code="a">(DE-604)8121217515</marc:subfield>
      </marc:datafield>
      <marc:datafield tag="040" ind1=" " ind2=" ">
         <marc:subfield code="a">DE-576</marc:subfield>
         <marc:subfield code="b">ger</marc:subfield>
         <marc:subfield code="c">DE-576</marc:subfield>
         <marc:subfield code="e">rakwb</marc:subfield>
      </marc:datafield>
      <marc:datafield tag="041" ind1=" " ind2=" ">
         <marc:subfield code="a">ger</marc:subfield>
      </marc:datafield>
      <marc:datafield tag="084" ind1=" " ind2=" ">
         <marc:subfield code="a">1</marc:subfield>
         <marc:subfield code="2">ssgn</marc:subfield>
      </marc:datafield>
      <marc:datafield tag="084" ind1=" " ind2=" ">
         <marc:subfield code="a">CP 4000</marc:subfield>
         <marc:subfield code="2">rvk</marc:subfield>
         <marc:subfield code="0">(DE-625)rvk/18984:</marc:subfield>
      </marc:datafield>
      <marc:datafield tag="084" ind1=" " ind2=" ">
         <marc:subfield code="a">CP 5000</marc:subfield>
         <marc:subfield code="2">rvk</marc:subfield>
         <marc:subfield code="0">(DE-625)rvk/18991:</marc:subfield>
      </marc:datafield>
      <marc:datafield tag="084" ind1=" " ind2=" ">
         <marc:subfield code="a">EC 2500</marc:subfield>
         <marc:subfield code="2">rvk</marc:subfield>
         <marc:subfield code="0">(DE-625)rvk/20494:</marc:subfield>
      </marc:datafield>
      <marc:datafield tag="084" ind1=" " ind2=" ">
         <marc:subfield code="a">AP 14350</marc:subfield>
         <marc:subfield code="2">rvk</marc:subfield>
         <marc:subfield code="0">(DE-625)rvk/6901:</marc:subfield>
      </marc:datafield>
      <marc:datafield tag="245" ind1="1" ind2="0">
         <marc:subfield code="a">Medien des Gedächtnisses</marc:subfield>
         <marc:subfield code="c">Gasthrsg.: Aleida Assmann ...</marc:subfield>
      </marc:datafield>
      <marc:datafield tag="264" ind1=" " ind2="1">
         <marc:subfield code="a">Stuttgart</marc:subfield>
         <marc:subfield code="a">Weimar</marc:subfield>
         <marc:subfield code="b">Metzler</marc:subfield>
         <marc:subfield code="c">1998</marc:subfield>
      </marc:datafield>
      <marc:datafield tag="300" ind1=" " ind2=" ">
         <marc:subfield code="a">VI, 328 S.</marc:subfield>
         <marc:subfield code="b">Ill., graph. Darst.</marc:subfield>
      </marc:datafield>
      <marc:datafield tag="336" ind1=" " ind2=" ">
         <marc:subfield code="a">Text</marc:subfield>
         <marc:subfield code="b">txt</marc:subfield>
         <marc:subfield code="2">rdacontent</marc:subfield>
      </marc:datafield>
      <marc:datafield tag="337" ind1=" " ind2=" ">
         <marc:subfield code="a">ohne Hilfsmittel zu benutzen</marc:subfield>
         <marc:subfield code="b">n</marc:subfield>
         <marc:subfield code="2">rdamedia</marc:subfield>
      </marc:datafield>
      <marc:datafield tag="338" ind1=" " ind2=" ">
         <marc:subfield code="a">Band</marc:subfield>
         <marc:subfield code="b">nc</marc:subfield>
         <marc:subfield code="2">rdacarrier</marc:subfield>
      </marc:datafield>
      <marc:datafield tag="490" ind1="1" ind2=" ">
         <marc:subfield code="a">Deutsche Vierteljahrsschrift für Literaturwissenschaft und Geistesgeschichte</marc:subfield>
         <marc:subfield code="v">72, Sonderh.</marc:subfield>
      </marc:datafield>
      <marc:datafield tag="591" ind1=" " ind2=" ">
         <marc:subfield code="a">*** 582:splb/sqf ; 720 ff. bvb ; 5090: L1UB/sred ; IMD-Felder und 1131 maschinell ergänzt (SWB)</marc:subfield>
      </marc:datafield>
      <marc:datafield tag="655" ind1=" " ind2="7">
         <marc:subfield code="a">Konferenzschrift</marc:subfield>
         <marc:subfield code="y">1996</marc:subfield>
         <marc:subfield code="z">Konstanz</marc:subfield>
         <marc:subfield code="0">(DE-588)1071861417</marc:subfield>
         <marc:subfield code="0">(DE-627)826484824</marc:subfield>
         <marc:subfield code="0">(DE-576)433375485</marc:subfield>
         <marc:subfield code="2">gnd-content</marc:subfield>
      </marc:datafield>
      <marc:datafield tag="655" ind1=" " ind2="7">
         <marc:subfield code="a">Aufsatzsammlung</marc:subfield>
         <marc:subfield code="0">(DE-588)4143413-4</marc:subfield>
         <marc:subfield code="0">(DE-627)105605727</marc:subfield>
         <marc:subfield code="0">(DE-576)209726091</marc:subfield>
         <marc:subfield code="2">gnd-content</marc:subfield>
      </marc:datafield>
      <marc:datafield tag="689" ind1="0" ind2="0">
         <marc:subfield code="D">s</marc:subfield>
         <marc:subfield code="0">(DE-588)4169187-8</marc:subfield>
         <marc:subfield code="0">(DE-627)105411868</marc:subfield>
         <marc:subfield code="0">(DE-576)209921099</marc:subfield>
         <marc:subfield code="a">Medien</marc:subfield>
         <marc:subfield code="2">gnd</marc:subfield>
      </marc:datafield>
      <marc:datafield tag="689" ind1="0" ind2="1">
         <marc:subfield code="D">s</marc:subfield>
         <marc:subfield code="0">(DE-588)4200793-8</marc:subfield>
         <marc:subfield code="0">(DE-627)105170925</marc:subfield>
         <marc:subfield code="0">(DE-576)210137975</marc:subfield>
         <marc:subfield code="a">Kollektives Gedächtnis</marc:subfield>
         <marc:subfield code="2">gnd</marc:subfield>
      </marc:datafield>
      <marc:datafield tag="689" ind1="0" ind2="2">
         <marc:subfield code="D">s</marc:subfield>
         <marc:subfield code="0">(DE-588)4125698-0</marc:subfield>
         <marc:subfield code="0">(DE-627)104470348</marc:subfield>
         <marc:subfield code="0">(DE-576)209578750</marc:subfield>
         <marc:subfield code="a">Kultur</marc:subfield>
         <marc:subfield code="2">gnd</marc:subfield>
      </marc:datafield>
      <marc:datafield tag="689" ind1="0" ind2="3">
         <marc:subfield code="A">z</marc:subfield>
         <marc:subfield code="2">gnd</marc:subfield>
         <marc:subfield code="a">Geschichte</marc:subfield>
      </marc:datafield>
      <marc:datafield tag="689" ind1="0" ind2=" ">
         <marc:subfield code="5">DE-101</marc:subfield>
      </marc:datafield>
      <marc:datafield tag="689" ind1="1" ind2="0">
         <marc:subfield code="D">s</marc:subfield>
         <marc:subfield code="0">(DE-588)4019614-8</marc:subfield>
         <marc:subfield code="0">(DE-627)106320807</marc:subfield>
         <marc:subfield code="0">(DE-576)208930167</marc:subfield>
         <marc:subfield code="a">Gedächtnis</marc:subfield>
         <marc:subfield code="2">gnd</marc:subfield>
      </marc:datafield>
      <marc:datafield tag="689" ind1="1" ind2="1">
         <marc:subfield code="D">s</marc:subfield>
         <marc:subfield code="0">(DE-588)4169187-8</marc:subfield>
         <marc:subfield code="0">(DE-627)105411868</marc:subfield>
         <marc:subfield code="0">(DE-576)209921099</marc:subfield>
         <marc:subfield code="a">Medien</marc:subfield>
         <marc:subfield code="2">gnd</marc:subfield>
      </marc:datafield>
      <marc:datafield tag="689" ind1="1" ind2=" ">
         <marc:subfield code="5">DE-101</marc:subfield>
      </marc:datafield>
      <marc:datafield tag="700" ind1="1" ind2=" ">
         <marc:subfield code="a">Assmann, Aleida</marc:subfield>
         <marc:subfield code="d">1947-</marc:subfield>
         <marc:subfield code="e">Hrsg.</marc:subfield>
         <marc:subfield code="0">(DE-588)121012700</marc:subfield>
         <marc:subfield code="0">(DE-627)081029926</marc:subfield>
         <marc:subfield code="0">(DE-576)160116279</marc:subfield>
         <marc:subfield code="4">edt</marc:subfield>
      </marc:datafield>
      <marc:datafield tag="830" ind1=" " ind2="0">
         <marc:subfield code="a">Deutsche Vierteljahrsschrift für Literaturwissenschaft und Geistesgeschichte</marc:subfield>
         <marc:subfield code="v">72, Sonderh.</marc:subfield>
         <marc:subfield code="9">72, Sonderh.</marc:subfield>
         <marc:subfield code="w">(DE-627)129459445</marc:subfield>
         <marc:subfield code="w">(DE-576)014823225</marc:subfield>
         <marc:subfield code="w">(DE-600)200376-4</marc:subfield>
         <marc:subfield code="x">0012-0936</marc:subfield>
      </marc:datafield>
      <marc:datafield tag="936" ind1="r" ind2="v">
         <marc:subfield code="a">CP 4000</marc:subfield>
         <marc:subfield code="b">Kognitive Prozesse (Denken, Urteil, Problemlösen, Begriffsbildung, Assoziation)</marc:subfield>
         <marc:subfield code="k">Psychologie</marc:subfield>
         <marc:subfield code="k">Allgemeine Psychologie</marc:subfield>
         <marc:subfield code="k">Kognitive Prozesse (Denken, Urteil, Problemlösen, Begriffsbildung, Assoziation)</marc:subfield>
         <marc:subfield code="0">(DE-627)1271169363</marc:subfield>
         <marc:subfield code="0">(DE-625)rvk/18984:</marc:subfield>
         <marc:subfield code="0">(DE-576)201169363</marc:subfield>
      </marc:datafield>
      <marc:datafield tag="936" ind1="r" ind2="v">
         <marc:subfield code="a">CP 5000</marc:subfield>
         <marc:subfield code="b">Lernen und Gedächtnis</marc:subfield>
         <marc:subfield code="k">Psychologie</marc:subfield>
         <marc:subfield code="k">Allgemeine Psychologie</marc:subfield>
         <marc:subfield code="k">Lernen und Gedächtnis</marc:subfield>
         <marc:subfield code="0">(DE-627)1271471078</marc:subfield>
         <marc:subfield code="0">(DE-625)rvk/18991:</marc:subfield>
         <marc:subfield code="0">(DE-576)201471078</marc:subfield>
      </marc:datafield>
      <marc:datafield tag="936" ind1="r" ind2="v">
         <marc:subfield code="a">EC 2500</marc:subfield>
         <marc:subfield code="b">Beziehungen zu sonstigen Gebieten</marc:subfield>
         <marc:subfield code="k">Allgemeine und vergleichende Sprach- und Literaturwissenschaft. Indogermanistik. Außereuropäische Sprachen und Literaturen</marc:subfield>
         <marc:subfield code="k">Allgemeine und vergleichende Literaturwissenschaft.</marc:subfield>
         <marc:subfield code="k">Beziehungen der Literatur zu anderen Gebieten</marc:subfield>
         <marc:subfield code="k">Beziehungen zu sonstigen Gebieten</marc:subfield>
         <marc:subfield code="0">(DE-627)1270749250</marc:subfield>
         <marc:subfield code="0">(DE-625)rvk/20494:</marc:subfield>
         <marc:subfield code="0">(DE-576)200749250</marc:subfield>
      </marc:datafield>
      <marc:datafield tag="936" ind1="r" ind2="v">
         <marc:subfield code="a">AP 14350</marc:subfield>
         <marc:subfield code="b">Kommunikation und Kultur</marc:subfield>
         <marc:subfield code="k">Allgemeines</marc:subfield>
         <marc:subfield code="k">Medien- und Kommunikationswissenschaften, Kommunikationsdesign</marc:subfield>
         <marc:subfield code="k">Beziehungen, Ausstrahlungen, Einwirkungen</marc:subfield>
         <marc:subfield code="k">Kommunikation und Kultur</marc:subfield>
         <marc:subfield code="0">(DE-627)1270684442</marc:subfield>
         <marc:subfield code="0">(DE-625)rvk/6901:</marc:subfield>
         <marc:subfield code="0">(DE-576)200684442</marc:subfield>
      </marc:datafield>
      <marc:datafield tag="951" ind1=" " ind2=" ">
         <marc:subfield code="a">BO</marc:subfield>
      </marc:datafield>
   </marc:record>