
   <marc:record>
      <marc:leader>     ccm a22        4500</marc:leader>
      <marc:controlfield tag="001">067410006</marc:controlfield>
      <marc:controlfield tag="003">DE-576</marc:controlfield>
      <marc:controlfield tag="005">20190109100206.0</marc:controlfield>
      <marc:controlfield tag="007">qu</marc:controlfield>
      <marc:controlfield tag="008">980730r19681927xx ||||| |||| ||| | ger c</marc:controlfield>
      <marc:datafield tag="035" ind1=" " ind2=" ">
         <marc:subfield code="a">(DE-627)1137410000</marc:subfield>
      </marc:datafield>
      <marc:datafield tag="035" ind1=" " ind2=" ">
         <marc:subfield code="a">(DE-576)067410006</marc:subfield>
      </marc:datafield>
      <marc:datafield tag="035" ind1=" " ind2=" ">
         <marc:subfield code="a">(DE-599)BSZ067410006</marc:subfield>
      </marc:datafield>
      <marc:datafield tag="035" ind1=" " ind2=" ">
         <marc:subfield code="a">(OCoLC)66298601</marc:subfield>
      </marc:datafield>
      <marc:datafield tag="035" ind1=" " ind2=" ">
         <marc:subfield code="a">(OCoLC)1078715350</marc:subfield>
      </marc:datafield>
      <marc:datafield tag="035" ind1=" " ind2=" ">
         <marc:subfield code="a">(DE-604)802886476x</marc:subfield>
      </marc:datafield>
      <marc:datafield tag="040" ind1=" " ind2=" ">
         <marc:subfield code="a">DE-576</marc:subfield>
         <marc:subfield code="b">ger</marc:subfield>
         <marc:subfield code="c">DE-576</marc:subfield>
         <marc:subfield code="e">rda</marc:subfield>
      </marc:datafield>
      <marc:datafield tag="041" ind1=" " ind2=" ">
         <marc:subfield code="a">ger</marc:subfield>
      </marc:datafield>
      <marc:datafield tag="084" ind1=" " ind2=" ">
         <marc:subfield code="a">GE 6275</marc:subfield>
         <marc:subfield code="2">rvk</marc:subfield>
         <marc:subfield code="0">(DE-625)rvk/39175:</marc:subfield>
      </marc:datafield>
      <marc:datafield tag="084" ind1=" " ind2=" ">
         <marc:subfield code="a">LT 11750</marc:subfield>
         <marc:subfield code="2">rvk</marc:subfield>
      </marc:datafield>
      <marc:datafield tag="084" ind1=" " ind2=" ">
         <marc:subfield code="a">LT 11880</marc:subfield>
         <marc:subfield code="2">rvk</marc:subfield>
      </marc:datafield>
      <marc:datafield tag="084" ind1=" " ind2=" ">
         <marc:subfield code="a">LR 11883</marc:subfield>
         <marc:subfield code="2">rvk</marc:subfield>
         <marc:subfield code="0">(DE-625)rvk/109309:13531</marc:subfield>
      </marc:datafield>
      <marc:datafield tag="100" ind1="1" ind2=" ">
         <marc:subfield code="a">Merian, Wilhelm</marc:subfield>
         <marc:subfield code="d">1889-1952</marc:subfield>
         <marc:subfield code="e">VerfasserIn</marc:subfield>
         <marc:subfield code="0">(DE-588)14298650X</marc:subfield>
         <marc:subfield code="0">(DE-627)641420633</marc:subfield>
         <marc:subfield code="0">(DE-576)33448135X</marc:subfield>
         <marc:subfield code="4">aut</marc:subfield>
      </marc:datafield>
      <marc:datafield tag="245" ind1="1" ind2="4">
         <marc:subfield code="a">Der Tanz in den deutschen Tabulaturbüchern</marc:subfield>
         <marc:subfield code="b">mit thematischen Verzeichnissen, Beispielen zur Intavolationspraxis und einer Studie über die Anfänge des Klavierstils</marc:subfield>
         <marc:subfield code="c">Wilhelm Merian</marc:subfield>
      </marc:datafield>
      <marc:datafield tag="250" ind1=" " ind2=" ">
         <marc:subfield code="a">Reprografischer Nachdruck der Ausgabe Leipzig 1927</marc:subfield>
      </marc:datafield>
      <marc:datafield tag="264" ind1=" " ind2="1">
         <marc:subfield code="a">Hildesheim</marc:subfield>
         <marc:subfield code="b">Georg Olms</marc:subfield>
         <marc:subfield code="c">1968</marc:subfield>
      </marc:datafield>
      <marc:datafield tag="264" ind1=" " ind2="1">
         <marc:subfield code="a">Wiebaden</marc:subfield>
         <marc:subfield code="b">Breitkopf &amp; Härtel</marc:subfield>
         <marc:subfield code="c">1968</marc:subfield>
      </marc:datafield>
      <marc:datafield tag="300" ind1=" " ind2=" ">
         <marc:subfield code="a">VI, 314 Seiten</marc:subfield>
         <marc:subfield code="b">Noten</marc:subfield>
      </marc:datafield>
      <marc:datafield tag="336" ind1=" " ind2=" ">
         <marc:subfield code="a">Text</marc:subfield>
         <marc:subfield code="b">txt</marc:subfield>
         <marc:subfield code="2">rdacontent</marc:subfield>
      </marc:datafield>
      <marc:datafield tag="337" ind1=" " ind2=" ">
         <marc:subfield code="a">ohne Hilfsmittel zu benutzen</marc:subfield>
         <marc:subfield code="b">n</marc:subfield>
         <marc:subfield code="2">rdamedia</marc:subfield>
      </marc:datafield>
      <marc:datafield tag="338" ind1=" " ind2=" ">
         <marc:subfield code="a">Band</marc:subfield>
         <marc:subfield code="b">nc</marc:subfield>
         <marc:subfield code="2">rdacarrier</marc:subfield>
      </marc:datafield>
      <marc:datafield tag="534" ind1=" " ind2=" ">
         <marc:subfield code="c">1927</marc:subfield>
      </marc:datafield>
      <marc:datafield tag="591" ind1=" " ind2=" ">
         <marc:subfield code="a">720 ff. bvb (SWB)</marc:subfield>
      </marc:datafield>
      <marc:datafield tag="655" ind1=" " ind2="7">
         <marc:subfield code="a">Quelle</marc:subfield>
         <marc:subfield code="0">(DE-588)4135952-5</marc:subfield>
         <marc:subfield code="0">(DE-627)105661236</marc:subfield>
         <marc:subfield code="0">(DE-576)209665084</marc:subfield>
         <marc:subfield code="2">gnd-content</marc:subfield>
      </marc:datafield>
      <marc:datafield tag="689" ind1="0" ind2="0">
         <marc:subfield code="D">s</marc:subfield>
         <marc:subfield code="0">(DE-588)4140677-1</marc:subfield>
         <marc:subfield code="0">(DE-627)105626112</marc:subfield>
         <marc:subfield code="0">(DE-576)209704799</marc:subfield>
         <marc:subfield code="a">Tanzmusik</marc:subfield>
         <marc:subfield code="2">gnd</marc:subfield>
      </marc:datafield>
      <marc:datafield tag="689" ind1="0" ind2="1">
         <marc:subfield code="D">s</marc:subfield>
         <marc:subfield code="0">(DE-588)4030993-9</marc:subfield>
         <marc:subfield code="0">(DE-627)106267817</marc:subfield>
         <marc:subfield code="0">(DE-576)208990003</marc:subfield>
         <marc:subfield code="a">Klaviermusik</marc:subfield>
         <marc:subfield code="2">gnd</marc:subfield>
      </marc:datafield>
      <marc:datafield tag="689" ind1="0" ind2="2">
         <marc:subfield code="D">s</marc:subfield>
         <marc:subfield code="0">(DE-588)4184316-2</marc:subfield>
         <marc:subfield code="0">(DE-627)105296007</marc:subfield>
         <marc:subfield code="0">(DE-576)210024860</marc:subfield>
         <marc:subfield code="a">Tabulatur</marc:subfield>
         <marc:subfield code="2">gnd</marc:subfield>
      </marc:datafield>
      <marc:datafield tag="689" ind1="0" ind2="3">
         <marc:subfield code="A">z</marc:subfield>
         <marc:subfield code="2">gnd</marc:subfield>
         <marc:subfield code="a">Geschichte 1500-1650</marc:subfield>
      </marc:datafield>
      <marc:datafield tag="689" ind1="0" ind2=" ">
         <marc:subfield code="5">(DE-627)</marc:subfield>
      </marc:datafield>
      <marc:datafield tag="775" ind1="0" ind2="8">
         <marc:subfield code="i">Faksimile von</marc:subfield>
         <marc:subfield code="a">Merian, Wilhelm</marc:subfield>
         <marc:subfield code="t">Der Tanz in den deutschen Tabulaturbüchern</marc:subfield>
         <marc:subfield code="d">Leipzig : Breitkopf &amp; Härtel, 1927</marc:subfield>
         <marc:subfield code="h">VI, 314 S.</marc:subfield>
         <marc:subfield code="w">(DE-627)1088186610</marc:subfield>
         <marc:subfield code="w">(DE-576)018186610</marc:subfield>
      </marc:datafield>
      <marc:datafield tag="935" ind1=" " ind2=" ">
         <marc:subfield code="c">muno</marc:subfield>
      </marc:datafield>
      <marc:datafield tag="936" ind1="r" ind2="v">
         <marc:subfield code="a">GE 6275</marc:subfield>
         <marc:subfield code="b">Volkslied, Volksballade</marc:subfield>
         <marc:subfield code="k">Germanistik. Niederlandistik. Skandinavistik</marc:subfield>
         <marc:subfield code="k">Deutsche Literatur</marc:subfield>
         <marc:subfield code="k">Literaturgeschichte</marc:subfield>
         <marc:subfield code="k">Geschichte der literarischen Gattungen</marc:subfield>
         <marc:subfield code="k">Epik</marc:subfield>
         <marc:subfield code="k">Volksdichtung</marc:subfield>
         <marc:subfield code="k">Volkslied, Volksballade</marc:subfield>
         <marc:subfield code="0">(DE-627)1270859838</marc:subfield>
         <marc:subfield code="0">(DE-625)rvk/39175:</marc:subfield>
         <marc:subfield code="0">(DE-576)200859838</marc:subfield>
      </marc:datafield>
      <marc:datafield tag="936" ind1="r" ind2="v">
         <marc:subfield code="a">LT 11750</marc:subfield>
         <marc:subfield code="b">Klavier</marc:subfield>
         <marc:subfield code="k">Musikwissenschaft</marc:subfield>
         <marc:subfield code="k">II. Musica practica</marc:subfield>
         <marc:subfield code="k">Sachteil: Musica practica (einschl. Realien mit geographischem Bezug)</marc:subfield>
         <marc:subfield code="k">Musikinstrumente; Spiel auf einzelnen Instrumenten und Instrumentengruppen; Musik für einzelne Instrumente und Instrumentengruppen</marc:subfield>
         <marc:subfield code="k">Darstellungen:</marc:subfield>
         <marc:subfield code="k">Speziell:</marc:subfield>
         <marc:subfield code="k">Spezielle: K</marc:subfield>
         <marc:subfield code="k">Klavier</marc:subfield>
         <marc:subfield code="0">(DE-627)127245830X</marc:subfield>
         <marc:subfield code="0">(DE-576)20245830X</marc:subfield>
      </marc:datafield>
      <marc:datafield tag="936" ind1="r" ind2="v">
         <marc:subfield code="a">LT 11880</marc:subfield>
         <marc:subfield code="b">Orgel, Portativ, Positiv, Regal</marc:subfield>
         <marc:subfield code="k">Musikwissenschaft</marc:subfield>
         <marc:subfield code="k">II. Musica practica</marc:subfield>
         <marc:subfield code="k">Sachteil: Musica practica (einschl. Realien mit geographischem Bezug)</marc:subfield>
         <marc:subfield code="k">Musikinstrumente; Spiel auf einzelnen Instrumenten und Instrumentengruppen; Musik für einzelne Instrumente und Instrumentengruppen</marc:subfield>
         <marc:subfield code="k">Darstellungen:</marc:subfield>
         <marc:subfield code="k">Speziell:</marc:subfield>
         <marc:subfield code="k">Spezielle: O</marc:subfield>
         <marc:subfield code="k">Orgel, Portativ, Positiv, Regal</marc:subfield>
         <marc:subfield code="0">(DE-627)1272410854</marc:subfield>
         <marc:subfield code="0">(DE-576)202410854</marc:subfield>
      </marc:datafield>
      <marc:datafield tag="936" ind1="r" ind2="v">
         <marc:subfield code="a">LR 11883</marc:subfield>
         <marc:subfield code="b">Renaissance (1400-1600)</marc:subfield>
         <marc:subfield code="k">Musikwissenschaft</marc:subfield>
         <marc:subfield code="k">I. Musica theoretica</marc:subfield>
         <marc:subfield code="k">Sachteil: Musica theoretica (einschl. Realien mit geographischem Bezug)</marc:subfield>
         <marc:subfield code="k">Musikinstrumente; Spiel auf einzelnen Instrumenten und Instrumentengruppen; Musik für einzelne Instrumente und Instrumentengruppen</marc:subfield>
         <marc:subfield code="k">Darstellungen:</marc:subfield>
         <marc:subfield code="k">Speziell:</marc:subfield>
         <marc:subfield code="k">Musikinstrumente O</marc:subfield>
         <marc:subfield code="k">Orgel, Portativ, Positiv, Regal</marc:subfield>
         <marc:subfield code="k">Renaissance (1400-1600)</marc:subfield>
         <marc:subfield code="0">(DE-627)1271907712</marc:subfield>
         <marc:subfield code="0">(DE-625)rvk/109309:13531</marc:subfield>
         <marc:subfield code="0">(DE-576)201907712</marc:subfield>
      </marc:datafield>
      <marc:datafield tag="951" ind1=" " ind2=" ">
         <marc:subfield code="a">BO</marc:subfield>
      </marc:datafield>
   </marc:record>