
   <marc:record>
      <marc:leader>     ccm a22        4500</marc:leader>
      <marc:controlfield tag="001">063209918</marc:controlfield>
      <marc:controlfield tag="003">DE-576</marc:controlfield>
      <marc:controlfield tag="005">20180203100946.0</marc:controlfield>
      <marc:controlfield tag="007">qu</marc:controlfield>
      <marc:controlfield tag="008">971218s1945    xx ||||| |||| ||| | zxx c</marc:controlfield>
      <marc:datafield tag="028" ind1="5" ind2="2">
         <marc:subfield code="a">Universal-Edition 5802</marc:subfield>
      </marc:datafield>
      <marc:datafield tag="035" ind1=" " ind2=" ">
         <marc:subfield code="a">(DE-627)1133209912</marc:subfield>
      </marc:datafield>
      <marc:datafield tag="035" ind1=" " ind2=" ">
         <marc:subfield code="a">(DE-576)063209918</marc:subfield>
      </marc:datafield>
      <marc:datafield tag="035" ind1=" " ind2=" ">
         <marc:subfield code="a">(DE-599)BSZ063209918</marc:subfield>
      </marc:datafield>
      <marc:datafield tag="035" ind1=" " ind2=" ">
         <marc:subfield code="a">(OCoLC)79700692</marc:subfield>
      </marc:datafield>
      <marc:datafield tag="035" ind1=" " ind2=" ">
         <marc:subfield code="a">(OCoLC)1015776168</marc:subfield>
      </marc:datafield>
      <marc:datafield tag="040" ind1=" " ind2=" ">
         <marc:subfield code="a">DE-576</marc:subfield>
         <marc:subfield code="b">ger</marc:subfield>
         <marc:subfield code="c">DE-576</marc:subfield>
         <marc:subfield code="e">rda</marc:subfield>
      </marc:datafield>
      <marc:datafield tag="041" ind1=" " ind2=" ">
         <marc:subfield code="a">zxx</marc:subfield>
      </marc:datafield>
      <marc:datafield tag="084" ind1=" " ind2=" ">
         <marc:subfield code="a">LU 91306</marc:subfield>
         <marc:subfield code="2">rvk</marc:subfield>
         <marc:subfield code="0">(DE-625)rvk/113828:</marc:subfield>
      </marc:datafield>
      <marc:datafield tag="100" ind1="1" ind2=" ">
         <marc:subfield code="a">Bartók, Béla</marc:subfield>
         <marc:subfield code="d">1881-1945</marc:subfield>
         <marc:subfield code="e">KomponistIn</marc:subfield>
         <marc:subfield code="0">(DE-588)118506900</marc:subfield>
         <marc:subfield code="0">(DE-627)134590155</marc:subfield>
         <marc:subfield code="0">(DE-576)160183898</marc:subfield>
         <marc:subfield code="4">cmp</marc:subfield>
      </marc:datafield>
      <marc:datafield tag="240" ind1="1" ind2="0">
         <marc:subfield code="a">Román népi táncok</marc:subfield>
         <marc:subfield code="n">Sz 56</marc:subfield>
         <marc:subfield code="0">(DE-588)300013698</marc:subfield>
         <marc:subfield code="0">(DE-627)701595388</marc:subfield>
         <marc:subfield code="0">(DE-576)135382270</marc:subfield>
      </marc:datafield>
      <marc:datafield tag="245" ind1="1" ind2="0">
         <marc:subfield code="a">Rumänische Volkstänze</marc:subfield>
         <marc:subfield code="b">für Klavier zu zwei Händen = Román népi táncok = Jocuri poporale româneşti</marc:subfield>
         <marc:subfield code="c">von Béla Bartók</marc:subfield>
      </marc:datafield>
      <marc:datafield tag="246" ind1="3" ind2="1">
         <marc:subfield code="a">Román népi táncok</marc:subfield>
      </marc:datafield>
      <marc:datafield tag="246" ind1="3" ind2="1">
         <marc:subfield code="a">Jocuri poporale româneşti</marc:subfield>
      </marc:datafield>
      <marc:datafield tag="264" ind1=" " ind2="1">
         <marc:subfield code="a">Wien</marc:subfield>
         <marc:subfield code="a">Zürich</marc:subfield>
         <marc:subfield code="a">London</marc:subfield>
         <marc:subfield code="b">UniversalEdition</marc:subfield>
         <marc:subfield code="c">[1945]</marc:subfield>
      </marc:datafield>
      <marc:datafield tag="264" ind1=" " ind2="4">
         <marc:subfield code="c">© 1945</marc:subfield>
      </marc:datafield>
      <marc:datafield tag="300" ind1=" " ind2=" ">
         <marc:subfield code="a">9 Seiten</marc:subfield>
      </marc:datafield>
      <marc:datafield tag="336" ind1=" " ind2=" ">
         <marc:subfield code="a">Noten</marc:subfield>
         <marc:subfield code="b">ntm</marc:subfield>
         <marc:subfield code="2">rdacontent</marc:subfield>
      </marc:datafield>
      <marc:datafield tag="337" ind1=" " ind2=" ">
         <marc:subfield code="a">ohne Hilfsmittel zu benutzen</marc:subfield>
         <marc:subfield code="b">n</marc:subfield>
         <marc:subfield code="2">rdamedia</marc:subfield>
      </marc:datafield>
      <marc:datafield tag="338" ind1=" " ind2=" ">
         <marc:subfield code="a">Band</marc:subfield>
         <marc:subfield code="b">nc</marc:subfield>
         <marc:subfield code="2">rdacarrier</marc:subfield>
      </marc:datafield>
      <marc:datafield tag="500" ind1=" " ind2=" ">
         <marc:subfield code="a">c 1918</marc:subfield>
      </marc:datafield>
      <marc:datafield tag="591" ind1=" " ind2=" ">
         <marc:subfield code="a">bes: S1TRMH (SWB)</marc:subfield>
      </marc:datafield>
      <marc:datafield tag="935" ind1=" " ind2=" ">
         <marc:subfield code="c">muno</marc:subfield>
      </marc:datafield>
      <marc:datafield tag="936" ind1="r" ind2="v">
         <marc:subfield code="a">LU 91306</marc:subfield>
         <marc:subfield code="b">Klavierwerke</marc:subfield>
         <marc:subfield code="k">Musikwissenschaft</marc:subfield>
         <marc:subfield code="k">II. Musica practica</marc:subfield>
         <marc:subfield code="k">Chronologischer Teil: Musica practica (Epochenfolge: Komponistenalphabete)</marc:subfield>
         <marc:subfield code="k">20. und 21. Jahrhundert</marc:subfield>
         <marc:subfield code="k">Einzelne Persönlichkeiten:</marc:subfield>
         <marc:subfield code="k">Persönlichkeiten B</marc:subfield>
         <marc:subfield code="k">Bartók, Béla</marc:subfield>
         <marc:subfield code="k">Darstellungen zum Werk</marc:subfield>
         <marc:subfield code="k">Klavierwerke</marc:subfield>
         <marc:subfield code="0">(DE-627)1272153061</marc:subfield>
         <marc:subfield code="0">(DE-625)rvk/113828:</marc:subfield>
         <marc:subfield code="0">(DE-576)202153061</marc:subfield>
      </marc:datafield>
      <marc:datafield tag="937" ind1=" " ind2=" ">
         <marc:subfield code="d">Eins</marc:subfield>
         <marc:subfield code="e">Klavier</marc:subfield>
         <marc:subfield code="f">Solo, Volkstanz</marc:subfield>
      </marc:datafield>
      <marc:datafield tag="951" ind1=" " ind2=" ">
         <marc:subfield code="a">BO</marc:subfield>
      </marc:datafield>
   </marc:record>